
{
    "ingredients": [
        {
            "id": 9329,
            "full_name": "Banan Colombia, 1 stk",
            "brand": null,
            "brand_id": null,
            "name": "Banan",
            "name_extra": "Colombia, 1 stk",
            "front_url": "https://kolonial.no/produkter/9329-banan-1-stk-colombia/",
            "images": [
                {
                    "thumbnail": {
                        "url": "https://kolonial.no/media/uploads/public/0/218/12218-8919f-product_detail.jpg"
                    },
                    "large": {
                        "url": "https://kolonial.no/media/uploads/public/0/218/12218-8919f-product_large.jpg"
                    }
                }
            ],
            "gross_price": "6.50",
            "gross_unit_price": "26.00",
            "unit_price_quantity_abbreviation": "kg",
            "unit_price_quantity_name": "Kilogram",
            "discount": null,
            "promotion": null,
            "availability": {
                "is_available": true,
                "code": "available",
                "description": "",
                "description_short": ""
            },
            "category_items": [
                {
                    "id": 9174,
                    "product_category_id": 21,
                    "ordering": 70
                }
            ],
            "client_classifiers": [],
            "categories": [
                {
                    "id": 21,
                    "name": "Frukt",
                    "parent": 20,
                    "ordering": 1010,
                    "description": "",
                    "is_new": false,
                    "children": [],
                    "campaign_banners": []
                }
            ],
            "contents_html": "<div class=\"contents\">\n\n<h3>\nUtleveringsdager\n</h3>\n\n<p>\nAlle dager\n</p>\n\n<h3>\nStørrelse\n</h3>\n\n<p>\n250 gram\n</p>\n\n<h3>\nOppbevaring\n</h3>\n\n<p>\n12 - 14 °C\n</p>\n\n<p class=\"disclaimer\">\n\nLeverandøren\n\nhar levert informasjonen ovenfor.\n\n</p>\n\n</div>\n",
            "nutrition_html": "<table class=\"nutrition\"> <caption>Næringsinnhold pr. 100g/ml </caption><tbody> <tr><th> Energi</th> <td>352 kJ / 83 kcal </td></tr> <tr><th> Fett</th> <td>0,30 g </td></tr> <tr class=\"muted\"> <td>&mdash; mettede fettsyrer </td><td> 0,10 g </td></tr> <tr class=\"muted\"> <td>&mdash; flerumettede fettsyrer </td><td> 0,10 g </td></tr> <tr><th> Karbohydrater</th> <td>18,10 g </td></tr> <tr class=\"muted\"> <td>&mdash; sukkerarter </td><td> 13,90 g </td></tr> <tr class=\"muted\"> <td>&mdash; stivelse </td><td> 4,40 g </td></tr> <tr><th> Kostfiber</th> <td>1,70 g </td></tr> <tr><th> Protein</th> <td>1,10 g </td></tr> </tbody></table>\n",
            "alternative_products": [
                {
                    "id": 19432,
                    "full_name": "Økologiske Bananer 4-6 stk, Colombia, 600 g",
                    "brand": null,
                    "brand_id": null,
                    "name": "Økologiske Bananer",
                    "name_extra": "4-6 stk, Colombia, 600 g",
                    "front_url": "https://kolonial.no/produkter/19432-okologiske-bananer-5-6-stk-colombia/",
                    "images": [
                        {
                            "thumbnail": {
                                "url": "https://kolonial.no/media/uploads/public/0/356/3556-998b7-product_detail.jpg"
                            },
                            "large": {
                                "url": "https://kolonial.no/media/uploads/public/0/356/3556-998b7-product_large.jpg"
                            }
                        }
                    ],
                    "gross_price": "23.00",
                    "gross_unit_price": "38.33",
                    "unit_price_quantity_abbreviation": "kg",
                    "unit_price_quantity_name": "Kilogram",
                    "discount": null,
                    "promotion": null,
                    "availability": {
                        "is_available": true,
                        "code": "available",
                        "description": "",
                        "description_short": ""
                    },
                    "category_items": [
                        {
                            "id": 19033,
                            "product_category_id": 21,
                            "ordering": 80
                        }
                    ],
                    "client_classifiers": [
                        {
                            "name": "Økologisk",
                            "image_url": "https://kolonial.no/static/products/img/okologisk20x20@3x.ce61374c5376.png",
                            "is_important": false
                        },
                        {
                            "name": "Fairtrade",
                            "image_url": "https://kolonial.no/static/products/img/fairtrade58x60.4426b27b7c82.png",
                            "is_important": false
                        }
                    ]
                },
                {
                    "id": 24854,
                    "full_name": "Banan i Pose liten størrelse, ca. 1 kg",
                    "brand": null,
                    "brand_id": null,
                    "name": "Banan i Pose",
                    "name_extra": "liten størrelse, ca. 1 kg",
                    "front_url": "https://kolonial.no/produkter/24854-banan-i-pose/",
                    "images": null,
                    "gross_price": "14.90",
                    "gross_unit_price": "14.90",
                    "unit_price_quantity_abbreviation": "kg",
                    "unit_price_quantity_name": "Kilogram",
                    "discount": null,
                    "promotion": null,
                    "availability": {
                        "is_available": true,
                        "code": "available",
                        "description": "",
                        "description_short": ""
                    },
                    "category_items": [
                        {
                            "id": 25611,
                            "product_category_id": 21,
                            "ordering": 610
                        }
                    ],
                    "client_classifiers": []
                }
            ],
            "discount_mix_and_match_products": null
        },
        {
            "id": 9326,
            "full_name": "Appelsin Spansk, 1 stk",
            "brand": null,
            "brand_id": null,
            "name": "Appelsin",
            "name_extra": "Spansk, 1 stk",
            "front_url": "https://kolonial.no/produkter/9326-appelsin-spansk/",
            "images": [
                {
                    "thumbnail": {
                        "url": "https://kolonial.no/media/uploads/public/359/362/699162-ac329-product_detail.jpg"
                    },
                    "large": {
                        "url": "https://kolonial.no/media/uploads/public/359/362/699162-ac329-product_large.jpg"
                    }
                }
            ],
            "gross_price": "6.90",
            "gross_unit_price": "21.56",
            "unit_price_quantity_abbreviation": "kg",
            "unit_price_quantity_name": "Kilogram",
            "discount": null,
            "promotion": null,
            "availability": {
                "is_available": true,
                "code": "available",
                "description": "",
                "description_short": ""
            },
            "category_items": [
                {
                    "id": 9171,
                    "product_category_id": 21,
                    "ordering": 330
                }
            ],
            "client_classifiers": [],
            "categories": [
                {
                    "id": 21,
                    "name": "Frukt",
                    "parent": 20,
                    "ordering": 1010,
                    "description": "",
                    "is_new": false,
                    "children": [],
                    "campaign_banners": []
                }
            ],
            "contents_html": "<div class=\"contents\">\n\n<h3>\nUtleveringsdager\n</h3>\n\n<p>\nAlle dager\n</p>\n\n<h3>\nStørrelse\n</h3>\n\n<p>\n320 gram\n</p>\n\n<p class=\"disclaimer\">\n\nLeverandøren\n\nhar ikke levert detaljert informasjon til oss om dette produktet.\n\n</p>\n\n</div>\n",
            "nutrition_html": "<p> Vi har dessverre ikke næringsinnhold for dette produktet. </p>\n",
            "alternative_products": [
                {
                    "id": 16723,
                    "full_name": "Appelsiner i Nett Spania, 2 kg",
                    "brand": null,
                    "brand_id": null,
                    "name": "Appelsiner i Nett",
                    "name_extra": "Spania, 2 kg",
                    "front_url": "https://kolonial.no/produkter/16723-appelsiner-i-nett-spania/",
                    "images": [
                        {
                            "thumbnail": {
                                "url": "https://kolonial.no/media/uploads/public/0/102/77302-36608-product_detail.jpg"
                            },
                            "large": {
                                "url": "https://kolonial.no/media/uploads/public/0/102/77302-36608-product_large.jpg"
                            }
                        }
                    ],
                    "gross_price": "29.90",
                    "gross_unit_price": "14.95",
                    "unit_price_quantity_abbreviation": "kg",
                    "unit_price_quantity_name": "Kilogram",
                    "discount": null,
                    "promotion": null,
                    "availability": {
                        "is_available": true,
                        "code": "available",
                        "description": "",
                        "description_short": ""
                    },
                    "category_items": [
                        {
                            "id": 19495,
                            "product_category_id": 21,
                            "ordering": 350
                        }
                    ],
                    "client_classifiers": []
                },
                {
                    "id": 23922,
                    "full_name": "Økologiske Appelsiner Spania, 1 kg",
                    "brand": null,
                    "brand_id": null,
                    "name": "Økologiske Appelsiner",
                    "name_extra": "Spania, 1 kg",
                    "front_url": "https://kolonial.no/produkter/23922-okologiske-appelsiner-spania/",
                    "images": [
                        {
                            "thumbnail": {
                                "url": "https://kolonial.no/media/uploads/public/153/15/699615-17055-product_detail.jpg"
                            },
                            "large": {
                                "url": "https://kolonial.no/media/uploads/public/153/15/699615-17055-product_large.jpg"
                            }
                        }
                    ],
                    "gross_price": "59.90",
                    "gross_unit_price": "59.90",
                    "unit_price_quantity_abbreviation": "kg",
                    "unit_price_quantity_name": "Kilogram",
                    "discount": null,
                    "promotion": null,
                    "availability": {
                        "is_available": true,
                        "code": "available",
                        "description": "",
                        "description_short": ""
                    },
                    "category_items": [
                        {
                            "id": 24528,
                            "product_category_id": 21,
                            "ordering": 360
                        }
                    ],
                    "client_classifiers": [
                        {
                            "name": "Økologisk",
                            "image_url": "https://kolonial.no/static/products/img/okologisk20x20@3x.ce61374c5376.png",
                            "is_important": false
                        }
                    ]
                }
            ],
            "discount_mix_and_match_products": null
        }
        

        ],
    "recipes": [
        {
            "id": 2580,
            "title": "Ovnsbakt torsk med sweet chilisaus",
            "front_url": "https://kolonial.no/oppskrifter/2580-spoon-ovnsbakt-torsk-med-sweet-chilisaus/",
            "feature_image_url": "https://kolonial.no/media/uploads/public/266/119/654919-c4e9d-recipe_feature.jpg",
            "difficulty_string": "Lett",
            "cooking_duration_string": "20 min",
            "concept_icons": [
                {
                    "name": "Barnevennlig",
                    "image_url": "https://kolonial.no/static/recipes/img/icon-child-friendly-recipe-app.465cbc79476e.png"
                }
            ],
            "is_liked_by_user": null,
            "provider_name": "Silje Feiring",
            "lead": "En enkel og smakfull middag med få ingredienser. Ovnsbakt torsk med chiliglaze og ris vil falle i smak hos hele familien.",
            "portion_price": "31.99",
            "default_num_portions": 4,
            "instructions_html": "<p class=\"lead\"> En enkel og smakfull middag med få ingredienser. Ovnsbakt torsk med chiliglaze og ris vil falle i smak hos hele familien.</p><div class=\"body\"> <p>Tin torsken enten i kjøleskapet eller i vannbad. Forvarm ovnen til 180 grader.</p><ol><li><span style=\"letter-spacing: -0.03em;\">Smør en ildfast form med olivenolje og legg i filetene. Pensle 1 ts med chilisaus over hver filet, sett i ovnen og stek i ca. 15 min.&nbsp;</span><br></li><li><span style=\"letter-spacing: -0.03em;\">Kok ris etter anvisning på pakken, vask og kutt vårløk i strimler.&nbsp;</span><br></li><li><span style=\"letter-spacing: -0.03em;\">Server fisken med ris, chilisaus, og topp med vårløk og peanøtter.&nbsp;</span></li></ol></div>\n",
            "ingredient_list_html": "<table class=\"ingredient-list\"> <caption>Til 4 porsjoner</caption> <tr><th colspan=\"2\"> </th></tr> <tr><td class=\"quantity\"> 500 g </td><td> <span class=\"title\">torskefilet, fersk</span> </td></tr> <tr><td class=\"quantity\"> 5 ts </td><td> <span class=\"title\">sweet chili-saus</span> </td></tr> <tr><td class=\"quantity\"> 2 håndfull </td><td> <span class=\"title\">peanøtter, salte</span> </td></tr> <tr><td class=\"quantity\"> 6 stilk </td><td> <span class=\"title\">vårløk</span> </td></tr> <tr><td class=\"quantity\"> 4 dl </td><td> <span class=\"title\">ris, fullkorn</span> </td></tr> <tr><th colspan=\"2\"> Basisvarer</th> </tr><tr> <td class=\"quantity\"> 1 ss </td><td> <span class=\"title\">olivenolje</span> </td></tr> </table>\n",
            "ingredients": [
                {
                    "id": 29286,
                    "product": {
                        "id": 24885,
                        "full_name": "Domstein Torskefilet uten Skinn Fersk villfisk, ca. 200 g",
                        "brand": "Domstein",
                        "brand_id": 1340,
                        "name": "Torskefilet uten Skinn",
                        "name_extra": "Fersk villfisk, ca. 200 g",
                        "front_url": "https://kolonial.no/produkter/24885-domstein-torskefilet-uten-skinn-fersk-villfisk/",
                        "images": [
                            {
                                "thumbnail": {
                                    "url": "https://kolonial.no/media/uploads/public/382/361/152761-903c2-product_detail.jpg"
                                },
                                "large": {
                                    "url": "https://kolonial.no/media/uploads/public/382/361/152761-903c2-product_large.jpg"
                                }
                            }
                        ],
                        "gross_price": "44.90",
                        "gross_unit_price": "224.50",
                        "unit_price_quantity_abbreviation": "kg",
                        "unit_price_quantity_name": "Kilogram",
                        "discount": null,
                        "promotion": null,
                        "availability": {
                            "is_available": false,
                            "code": "not_for_sale",
                            "description": "Ikke lenger tilgjengelig",
                            "description_short": "Utilgj."
                        },
                        "category_items": [
                            {
                                "id": 25654,
                                "product_category_id": 286,
                                "ordering": 50
                            }
                        ],
                        "client_classifiers": [
                            {
                                "name": "Dagsfersk",
                                "image_url": "https://kolonial.no/static/products/img/very-fresh20x20@3x.56e99e41d188.png",
                                "is_important": true
                            },
                            {
                                "name": "Holdbarhetsgaranti i 2 dager",
                                "image_url": "https://kolonial.no/static/products/img/expiry-2-20x20@3x.50468588d601.png",
                                "is_important": true
                            }
                        ]
                    },
                    "portion_quantity": "0.625",
                    "is_basic": false,
                    "has_alternative_products": false,
                    "already_in_cart": false
                },
                {
                    "id": 29287,
                    "product": {
                        "id": 8722,
                        "full_name": "REMA 1000 Sweet Chili Saus 700 ml",
                        "brand": "REMA 1000",
                        "brand_id": 550,
                        "name": "Sweet Chili Saus",
                        "name_extra": "700 ml",
                        "front_url": "https://kolonial.no/produkter/8722-rema-1000-sweet-chili-saus-700ml/",
                        "images": [
                            {
                                "thumbnail": {
                                    "url": "https://kolonial.no/media/uploads/public/338/171/804171-51814-product_detail.jpg"
                                },
                                "large": {
                                    "url": "https://kolonial.no/media/uploads/public/338/171/804171-51814-product_large.jpg"
                                }
                            }
                        ],
                        "gross_price": "32.80",
                        "gross_unit_price": "46.86",
                        "unit_price_quantity_abbreviation": "l",
                        "unit_price_quantity_name": "Liter",
                        "discount": null,
                        "promotion": null,
                        "availability": {
                            "is_available": true,
                            "code": "available",
                            "description": "",
                            "description_short": ""
                        },
                        "category_items": [
                            {
                                "id": 8673,
                                "product_category_id": 8,
                                "ordering": 510
                            }
                        ],
                        "client_classifiers": []
                    },
                    "portion_quantity": "0.009",
                    "is_basic": false,
                    "has_alternative_products": true,
                    "already_in_cart": false
                },
                {
                    "id": 29288,
                    "product": {
                        "id": 9815,
                        "full_name": "Polly Polly Peanøtter 330 g",
                        "brand": "Polly",
                        "brand_id": 45,
                        "name": "Polly Peanøtter",
                        "name_extra": "330 g",
                        "front_url": "https://kolonial.no/produkter/9815-polly-polly-peanotter-330g/",
                        "images": [
                            {
                                "thumbnail": {
                                    "url": "https://kolonial.no/media/uploads/public/210/52/798852-4721f-product_detail.jpg"
                                },
                                "large": {
                                    "url": "https://kolonial.no/media/uploads/public/210/52/798852-4721f-product_large.jpg"
                                }
                            }
                        ],
                        "gross_price": "24.50",
                        "gross_unit_price": "74.24",
                        "unit_price_quantity_abbreviation": "kg",
                        "unit_price_quantity_name": "Kilogram",
                        "discount": null,
                        "promotion": null,
                        "availability": {
                            "is_available": true,
                            "code": "available",
                            "description": "",
                            "description_short": ""
                        },
                        "category_items": [
                            {
                                "id": 9606,
                                "product_category_id": 24,
                                "ordering": 180
                            },
                            {
                                "id": 9609,
                                "product_category_id": 71,
                                "ordering": 80
                            }
                        ],
                        "client_classifiers": []
                    },
                    "portion_quantity": "0.023",
                    "is_basic": false,
                    "has_alternative_products": true,
                    "already_in_cart": false
                },
                {
                    "id": 29289,
                    "product": {
                        "id": 9398,
                        "full_name": "Vårløk i Bunt Italia, 150 g",
                        "brand": null,
                        "brand_id": null,
                        "name": "Vårløk i Bunt",
                        "name_extra": "Italia, 150 g",
                        "front_url": "https://kolonial.no/produkter/9398-varlok-i-bunt-italia/",
                        "images": [
                            {
                                "thumbnail": {
                                    "url": "https://kolonial.no/media/uploads/public/0/65/12065-56d1e-product_detail.jpg"
                                },
                                "large": {
                                    "url": "https://kolonial.no/media/uploads/public/0/65/12065-56d1e-product_large.jpg"
                                }
                            }
                        ],
                        "gross_price": "16.90",
                        "gross_unit_price": "112.67",
                        "unit_price_quantity_abbreviation": "kg",
                        "unit_price_quantity_name": "Kilogram",
                        "discount": null,
                        "promotion": null,
                        "availability": {
                            "is_available": true,
                            "code": "available",
                            "description": "",
                            "description_short": ""
                        },
                        "category_items": [
                            {
                                "id": 9240,
                                "product_category_id": 22,
                                "ordering": 370
                            }
                        ],
                        "client_classifiers": []
                    },
                    "portion_quantity": "0.014",
                    "is_basic": false,
                    "has_alternative_products": false,
                    "already_in_cart": false
                },
                {
                    "id": 29290,
                    "product": {
                        "id": 18223,
                        "full_name": "REMA 1000 Fullkornsris Boil-in-bag 8x125g, 1 kg",
                        "brand": "REMA 1000",
                        "brand_id": 550,
                        "name": "Fullkornsris",
                        "name_extra": "Boil-in-bag 8x125g, 1 kg",
                        "front_url": "https://kolonial.no/produkter/18223-rema-1000-fullkornsris-boil-bag-8x125g/",
                        "images": [
                            {
                                "thumbnail": {
                                    "url": "https://kolonial.no/media/uploads/public/234/107/799707-ffbe6-product_detail.jpg"
                                },
                                "large": {
                                    "url": "https://kolonial.no/media/uploads/public/234/107/799707-ffbe6-product_large.jpg"
                                }
                            }
                        ],
                        "gross_price": "36.90",
                        "gross_unit_price": "36.90",
                        "unit_price_quantity_abbreviation": "kg",
                        "unit_price_quantity_name": "Kilogram",
                        "discount": null,
                        "promotion": null,
                        "availability": {
                            "is_available": true,
                            "code": "available",
                            "description": "",
                            "description_short": ""
                        },
                        "category_items": [
                            {
                                "id": 17917,
                                "product_category_id": 11,
                                "ordering": 280
                            }
                        ],
                        "client_classifiers": []
                    },
                    "portion_quantity": "0.077",
                    "is_basic": false,
                    "has_alternative_products": true,
                    "already_in_cart": false
                },
                {
                    "id": 29358,
                    "product": {
                        "id": 8742,
                        "full_name": "REMA 1000 Olivenolje Extra Virgin 0,5 l",
                        "brand": "REMA 1000",
                        "brand_id": 550,
                        "name": "Olivenolje Extra Virgin",
                        "name_extra": "0,5 l",
                        "front_url": "https://kolonial.no/produkter/8742-rema-1000-olivenolje-extra-virgin-05l/",
                        "images": [
                            {
                                "thumbnail": {
                                    "url": "https://kolonial.no/media/uploads/public/295/377/803977-94ffb-product_detail.jpg"
                                },
                                "large": {
                                    "url": "https://kolonial.no/media/uploads/public/295/377/803977-94ffb-product_large.jpg"
                                }
                            }
                        ],
                        "gross_price": "48.40",
                        "gross_unit_price": "96.80",
                        "unit_price_quantity_abbreviation": "l",
                        "unit_price_quantity_name": "Liter",
                        "discount": null,
                        "promotion": null,
                        "availability": {
                            "is_available": true,
                            "code": "available",
                            "description": "",
                            "description_short": ""
                        },
                        "category_items": [
                            {
                                "id": 8706,
                                "product_category_id": 38,
                                "ordering": 0
                            }
                        ],
                        "client_classifiers": [
                            {
                                "name": "Nøkkelhullsmerket",
                                "image_url": "https://kolonial.no/static/products/img/nokkelhullet60x60.7fc5e3450b59.png",
                                "is_important": false
                            }
                        ]
                    },
                    "portion_quantity": "0.008",
                    "is_basic": true,
                    "has_alternative_products": true,
                    "already_in_cart": false
                }
            ]
        },
        {
            "id": 2582,
            "title": "Lussekatter",
            "front_url": "https://kolonial.no/oppskrifter/2582-spoon-lussekatter/",
            "feature_image_url": "https://kolonial.no/media/uploads/public/105/139/650139-298ae-recipe_feature.jpg",
            "difficulty_string": "Lett",
            "cooking_duration_string": "1 t",
            "concept_icons": [
                {
                    "name": "Barnevennlig",
                    "image_url": "https://kolonial.no/static/recipes/img/icon-child-friendly-recipe-app.465cbc79476e.png"
                }
            ],
            "is_liked_by_user": null,
            "provider_name": "Silje Feiring",
            "lead": "Ingen desember uten deilige og lune lussekatter til Luciadagen!",
            "portion_price": "21.58",
            "default_num_portions": 1,
            "instructions_html": "<p class=\"lead\"> Ingen desember uten deilige og lune lussekatter til Luciadagen!</p><div class=\"body\"> <p>Denne oppskriften gir ca. 20 lussekatter</p><ol><li>&nbsp;Smelt smøret og tilsett melken, varm opp til melken er ca. 37 grader. Deretter smuldrer du inn gjæren og rører den ut, så tilsetter du til slutt gurkemeie og blander godt.&nbsp;</li><li>Tilsett salt, sukker, kardemomme og egg. Bland godt før du tilsetter melet litt og litt av gangen. Når deigen er smidig dekker du bakebollen med plast og lar den hvile på et lunt sted i ca. 60 minutter. Forvarm ovnen til 225 grader.&nbsp;</li><li>Når deigen er ferdig hevet legger du den på et melet underlag. Del i 20 deler, trill tynne pølser og form hver del i en S.</li><li>Pisk sammen egget og pensle lussekattene før du pynter med rosiner. Stekes i ca 8-10 minutter til de er lett gylne.&nbsp;</li></ol><br></div>\n",
            "ingredient_list_html": "<table class=\"ingredient-list\"> <caption>Til 1 porsjoner</caption> <tr><th colspan=\"2\"> Deigen</th> </tr><tr> <td class=\"quantity\"> 200 g </td><td> <span class=\"title\">smør</span> </td></tr> <tr><td class=\"quantity\"> 5 dl </td><td> <span class=\"title\">melk, lett</span> </td></tr> <tr><td class=\"quantity\"> 50 g </td><td> <span class=\"title\">gjær, fersk</span> </td></tr> <tr><td class=\"quantity\"> 1 stk </td><td> <span class=\"title\">egg</span> </td></tr> <tr><td class=\"quantity\"> 1,5 kg </td><td> <span class=\"title\">hvetemel, siktet</span> </td></tr> <tr><td class=\"quantity\"> 0,25 g </td><td> <span class=\"title\">gurkemeie</span> </td></tr> <tr><td class=\"quantity\"> 150 g </td><td> <span class=\"title\">sukker</span> </td></tr> <tr><td class=\"quantity\"> 1 ts </td><td> <span class=\"title\">salt</span> </td></tr> <tr><td class=\"quantity\"> 2 ts </td><td> <span class=\"title\">kardemomme</span> </td></tr> <tr><th colspan=\"2\"> Før steking </th></tr> <tr><td class=\"quantity\"> 1 stk </td><td> <span class=\"title\">egg</span> <span class=\"hint\">, til pensling</span> </td></tr> <tr><td class=\"quantity\"> 2 ss </td><td> <span class=\"title\">rosiner</span> <span class=\"hint\">, til pynt</span> </td></tr> </table>\n",
            "ingredients": [
                {
                    "id": 29292,
                    "product": {
                        "id": 12235,
                        "full_name": "Tine Ekte Meieri Smør 250 g",
                        "brand": "Tine",
                        "brand_id": 18,
                        "name": "Ekte Meieri Smør",
                        "name_extra": "250 g",
                        "front_url": "https://kolonial.no/produkter/12235-tine-tinesmor-1-4kg/",
                        "images": [
                            {
                                "thumbnail": {
                                    "url": "https://kolonial.no/media/uploads/public/278/206/818206-4b32c-product_detail.jpg"
                                },
                                "large": {
                                    "url": "https://kolonial.no/media/uploads/public/278/206/818206-4b32c-product_large.jpg"
                                }
                            }
                        ],
                        "gross_price": "27.60",
                        "gross_unit_price": "110.40",
                        "unit_price_quantity_abbreviation": "kg",
                        "unit_price_quantity_name": "Kilogram",
                        "discount": null,
                        "promotion": null,
                        "availability": {
                            "is_available": true,
                            "code": "available",
                            "description": "",
                            "description_short": ""
                        },
                        "category_items": [
                            {
                                "id": 11343,
                                "product_category_id": 53,
                                "ordering": 210
                            }
                        ],
                        "client_classifiers": [
                            {
                                "name": "Nyt Norge",
                                "image_url": "https://kolonial.no/static/products/img/nytnorge53x60.aac84641427c.png",
                                "is_important": false
                            }
                        ]
                    },
                    "portion_quantity": "0.800",
                    "is_basic": true,
                    "has_alternative_products": true,
                    "already_in_cart": false
                },
                {
                    "id": 29293,
                    "product": {
                        "id": 8143,
                        "full_name": "Tine TineMelk Lett 1,75 l",
                        "brand": "Tine",
                        "brand_id": 18,
                        "name": "TineMelk Lett",
                        "name_extra": "1,75 l",
                        "front_url": "https://kolonial.no/produkter/8143-tine-tinemelk-lett-175l/",
                        "images": [
                            {
                                "thumbnail": {
                                    "url": "https://kolonial.no/media/uploads/public/315/128/122528-1159a-product_detail.jpg"
                                },
                                "large": {
                                    "url": "https://kolonial.no/media/uploads/public/315/128/122528-1159a-product_large.jpg"
                                }
                            }
                        ],
                        "gross_price": "32.00",
                        "gross_unit_price": "18.29",
                        "unit_price_quantity_abbreviation": "l",
                        "unit_price_quantity_name": "Liter",
                        "discount": null,
                        "promotion": null,
                        "availability": {
                            "is_available": true,
                            "code": "available",
                            "description": "",
                            "description_short": ""
                        },
                        "category_items": [
                            {
                                "id": 8040,
                                "product_category_id": 49,
                                "ordering": 10
                            }
                        ],
                        "client_classifiers": [
                            {
                                "name": "Nyt Norge",
                                "image_url": "https://kolonial.no/static/products/img/nytnorge53x60.aac84641427c.png",
                                "is_important": false
                            }
                        ]
                    },
                    "portion_quantity": "0.286",
                    "is_basic": false,
                    "has_alternative_products": true,
                    "already_in_cart": false
                },
                {
                    "id": 29294,
                    "product": {
                        "id": 41,
                        "full_name": "Idun Fersk Gjær Original 50 g",
                        "brand": "Idun",
                        "brand_id": 36,
                        "name": "Fersk Gjær Original",
                        "name_extra": "50 g",
                        "front_url": "https://kolonial.no/produkter/41-idun-fersk-gjaer-original-50g/",
                        "images": [
                            {
                                "thumbnail": {
                                    "url": "https://kolonial.no/media/uploads/public/242/124/825724-6230d-product_detail.jpg"
                                },
                                "large": {
                                    "url": "https://kolonial.no/media/uploads/public/242/124/825724-6230d-product_large.jpg"
                                }
                            }
                        ],
                        "gross_price": "4.40",
                        "gross_unit_price": "88.00",
                        "unit_price_quantity_abbreviation": "kg",
                        "unit_price_quantity_name": "Kilogram",
                        "discount": null,
                        "promotion": null,
                        "availability": {
                            "is_available": true,
                            "code": "available",
                            "description": "",
                            "description_short": ""
                        },
                        "category_items": [
                            {
                                "id": 117,
                                "product_category_id": 18,
                                "ordering": 170
                            }
                        ],
                        "client_classifiers": []
                    },
                    "portion_quantity": "1.000",
                    "is_basic": false,
                    "has_alternative_products": false,
                    "already_in_cart": false
                },
                {
                    "id": 29295,
                    "product": {
                        "id": 4972,
                        "full_name": "Solvinge Frokostegg Fra Frittgående Høner Str L, 12 stk",
                        "brand": "Solvinge",
                        "brand_id": 617,
                        "name": "Frokostegg Fra Frittgående Høner",
                        "name_extra": "Str L, 12 stk",
                        "front_url": "https://kolonial.no/produkter/4972-solvinge-frokostegg-fra-frittgaende-honer-str-l-12/",
                        "images": [
                            {
                                "thumbnail": {
                                    "url": "https://kolonial.no/media/uploads/public/307/326/821926-de325-product_detail.jpg"
                                },
                                "large": {
                                    "url": "https://kolonial.no/media/uploads/public/307/326/821926-de325-product_large.jpg"
                                }
                            }
                        ],
                        "gross_price": "45.90",
                        "gross_unit_price": "51.00",
                        "unit_price_quantity_abbreviation": "kg",
                        "unit_price_quantity_name": "Kilogram",
                        "discount": null,
                        "promotion": null,
                        "availability": {
                            "is_available": true,
                            "code": "available",
                            "description": "",
                            "description_short": ""
                        },
                        "category_items": [
                            {
                                "id": 5784,
                                "product_category_id": 50,
                                "ordering": 50
                            }
                        ],
                        "client_classifiers": []
                    },
                    "portion_quantity": "0.167",
                    "is_basic": false,
                    "has_alternative_products": true,
                    "already_in_cart": false
                },
                {
                    "id": 29302,
                    "product": {
                        "id": 16455,
                        "full_name": "Godt Brød Siktet Hvetemel Økologisk, 1 kg",
                        "brand": "Godt Brød",
                        "brand_id": 1044,
                        "name": "Siktet Hvetemel",
                        "name_extra": "Økologisk, 1 kg",
                        "front_url": "https://kolonial.no/produkter/16455-godt-brod-siktet-hvetemel-okologisk/",
                        "images": [
                            {
                                "thumbnail": {
                                    "url": "https://kolonial.no/media/uploads/public/0/263/40263-d2708-product_detail.jpg"
                                },
                                "large": {
                                    "url": "https://kolonial.no/media/uploads/public/0/263/40263-d2708-product_large.jpg"
                                }
                            }
                        ],
                        "gross_price": "31.80",
                        "gross_unit_price": "31.80",
                        "unit_price_quantity_abbreviation": "kg",
                        "unit_price_quantity_name": "Kilogram",
                        "discount": null,
                        "promotion": null,
                        "availability": {
                            "is_available": true,
                            "code": "available",
                            "description": "",
                            "description_short": ""
                        },
                        "category_items": [
                            {
                                "id": 13803,
                                "product_category_id": 16,
                                "ordering": 120
                            }
                        ],
                        "client_classifiers": [
                            {
                                "name": "Økologisk",
                                "image_url": "https://kolonial.no/static/products/img/okologisk20x20@3x.ce61374c5376.png",
                                "is_important": false
                            }
                        ]
                    },
                    "portion_quantity": "1.500",
                    "is_basic": true,
                    "has_alternative_products": true,
                    "already_in_cart": false
                },
                {
                    "id": 29296,
                    "product": {
                        "id": 6175,
                        "full_name": "Toro Gurkemeie 70 g",
                        "brand": "Toro",
                        "brand_id": 23,
                        "name": "Gurkemeie",
                        "name_extra": "70 g",
                        "front_url": "https://kolonial.no/produkter/6175-toro-gurkemeie-70g/",
                        "images": [
                            {
                                "thumbnail": {
                                    "url": "https://kolonial.no/media/uploads/public/71/143/825743-7e2f1-product_detail.jpg"
                                },
                                "large": {
                                    "url": "https://kolonial.no/media/uploads/public/71/143/825743-7e2f1-product_large.jpg"
                                }
                            }
                        ],
                        "gross_price": "38.80",
                        "gross_unit_price": "554.29",
                        "unit_price_quantity_abbreviation": "kg",
                        "unit_price_quantity_name": "Kilogram",
                        "discount": null,
                        "promotion": null,
                        "availability": {
                            "is_available": true,
                            "code": "available",
                            "description": "",
                            "description_short": ""
                        },
                        "category_items": [
                            {
                                "id": 6633,
                                "product_category_id": 39,
                                "ordering": 380
                            }
                        ],
                        "client_classifiers": []
                    },
                    "portion_quantity": "0.004",
                    "is_basic": false,
                    "has_alternative_products": true,
                    "already_in_cart": false
                },
                {
                    "id": 29297,
                    "product": {
                        "id": 7813,
                        "full_name": "Dansukker Sukker 1 kg",
                        "brand": "Dansukker",
                        "brand_id": 166,
                        "name": "Sukker",
                        "name_extra": "1 kg",
                        "front_url": "https://kolonial.no/produkter/7813-dansukker-sukker-1kg/",
                        "images": [
                            {
                                "thumbnail": {
                                    "url": "https://kolonial.no/media/uploads/public/334/121/508521-2ed8a-product_detail.jpg"
                                },
                                "large": {
                                    "url": "https://kolonial.no/media/uploads/public/334/121/508521-2ed8a-product_large.jpg"
                                }
                            }
                        ],
                        "gross_price": "17.90",
                        "gross_unit_price": "17.90",
                        "unit_price_quantity_abbreviation": "kg",
                        "unit_price_quantity_name": "Kilogram",
                        "discount": null,
                        "promotion": null,
                        "availability": {
                            "is_available": true,
                            "code": "available",
                            "description": "",
                            "description_short": ""
                        },
                        "category_items": [
                            {
                                "id": 7800,
                                "product_category_id": 16,
                                "ordering": 70
                            }
                        ],
                        "client_classifiers": []
                    },
                    "portion_quantity": "0.150",
                    "is_basic": true,
                    "has_alternative_products": false,
                    "already_in_cart": false
                },
                {
                    "id": 29298,
                    "product": {
                        "id": 11008,
                        "full_name": "Jozo Jozo Fint Salt Med Jod, 1 kg",
                        "brand": "Jozo",
                        "brand_id": 147,
                        "name": "Jozo Fint Salt",
                        "name_extra": "Med Jod, 1 kg",
                        "front_url": "https://kolonial.no/produkter/11008-jozo-jozo-fint-salt-med-jod/",
                        "images": [
                            {
                                "thumbnail": {
                                    "url": "https://kolonial.no/media/uploads/public/0/199/51799-fd2ca-product_detail.jpg"
                                },
                                "large": {
                                    "url": "https://kolonial.no/media/uploads/public/0/199/51799-fd2ca-product_large.jpg"
                                }
                            }
                        ],
                        "gross_price": "10.30",
                        "gross_unit_price": "10.30",
                        "unit_price_quantity_abbreviation": "kg",
                        "unit_price_quantity_name": "Kilogram",
                        "discount": null,
                        "promotion": null,
                        "availability": {
                            "is_available": true,
                            "code": "available",
                            "description": "",
                            "description_short": ""
                        },
                        "category_items": [
                            {
                                "id": 16609,
                                "product_category_id": 18,
                                "ordering": 710
                            },
                            {
                                "id": 16612,
                                "product_category_id": 39,
                                "ordering": 180
                            }
                        ],
                        "client_classifiers": []
                    },
                    "portion_quantity": "0.006",
                    "is_basic": false,
                    "has_alternative_products": true,
                    "already_in_cart": false
                },
                {
                    "id": 29299,
                    "product": {
                        "id": 6169,
                        "full_name": "Toro Kardemomme 46 g",
                        "brand": "Toro",
                        "brand_id": 23,
                        "name": "Kardemomme",
                        "name_extra": "46 g",
                        "front_url": "https://kolonial.no/produkter/6169-toro-kardemomme-46g/",
                        "images": [
                            {
                                "thumbnail": {
                                    "url": "https://kolonial.no/media/uploads/public/69/146/825746-e94d2-product_detail.jpg"
                                },
                                "large": {
                                    "url": "https://kolonial.no/media/uploads/public/69/146/825746-e94d2-product_large.jpg"
                                }
                            }
                        ],
                        "gross_price": "34.80",
                        "gross_unit_price": "756.52",
                        "unit_price_quantity_abbreviation": "kg",
                        "unit_price_quantity_name": "Kilogram",
                        "discount": null,
                        "promotion": null,
                        "availability": {
                            "is_available": true,
                            "code": "available",
                            "description": "",
                            "description_short": ""
                        },
                        "category_items": [
                            {
                                "id": 6630,
                                "product_category_id": 39,
                                "ordering": 470
                            }
                        ],
                        "client_classifiers": []
                    },
                    "portion_quantity": "0.002",
                    "is_basic": false,
                    "has_alternative_products": true,
                    "already_in_cart": false
                },
                {
                    "id": 29301,
                    "product": {
                        "id": 16,
                        "full_name": "Sun·Maid Rosiner 500 g",
                        "brand": "Sun·Maid",
                        "brand_id": 99,
                        "name": "Rosiner",
                        "name_extra": "500 g",
                        "front_url": "https://kolonial.no/produkter/16-sun-maid-rosiner/",
                        "images": [
                            {
                                "thumbnail": {
                                    "url": "https://kolonial.no/media/uploads/public/77/137/820137-5c443-product_detail.jpg"
                                },
                                "large": {
                                    "url": "https://kolonial.no/media/uploads/public/77/137/820137-5c443-product_large.jpg"
                                }
                            }
                        ],
                        "gross_price": "38.30",
                        "gross_unit_price": "76.60",
                        "unit_price_quantity_abbreviation": "kg",
                        "unit_price_quantity_name": "Kilogram",
                        "discount": null,
                        "promotion": null,
                        "availability": {
                            "is_available": true,
                            "code": "available",
                            "description": "",
                            "description_short": ""
                        },
                        "category_items": [
                            {
                                "id": 51,
                                "product_category_id": 18,
                                "ordering": 470
                            },
                            {
                                "id": 54,
                                "product_category_id": 24,
                                "ordering": 330
                            }
                        ],
                        "client_classifiers": []
                    },
                    "portion_quantity": "0.003",
                    "is_basic": false,
                    "has_alternative_products": true,
                    "already_in_cart": false
                }
            ]
        },
        {
            "id": 2583,
            "title": "Pizza med skinke, paprika og mais på 1-2-3",
            "front_url": "https://kolonial.no/oppskrifter/2583-marit-marvik-pizza-med-skinke-paprika-og-mais-pa-1-2-3/",
            "feature_image_url": "https://kolonial.no/media/uploads/public/7/337/659137-1ead3-recipe_feature.jpg",
            "difficulty_string": "Lett",
            "cooking_duration_string": "25 min",
            "concept_icons": [
                {
                    "name": "Barnevennlig",
                    "image_url": "https://kolonial.no/static/recipes/img/icon-child-friendly-recipe-app.465cbc79476e.png"
                }
            ],
            "is_liked_by_user": null,
            "provider_name": "Marit Marvik",
            "lead": "Glede rundt bordet med stor, hjemmelaget pizza!",
            "portion_price": "37.87",
            "default_num_portions": 4,
            "instructions_html": "<p class=\"lead\"> Glede rundt bordet med stor, hjemmelaget pizza!</p><div class=\"body\"> <p>Forvarm stekeovnen til 250 °C.\r</p><br><p><strong>Pizzabunn</strong></p><ol><li>Bland posens innhold med lunkent vann, ca. 40 °C. Elt deigen lett og kjevle den ut på et bakepapir. Legg den i en langpanne og klem deigen ut til kantene.\r</li></ol><p><strong>Fyll</strong></p><ol><li>Hakk løken og surr den i en dyp panne på middels varme i litt olje. Skjær paprika i biter og ha også den i pannen et par minutter. Tilsett posen med pizzafyll og hell i vann. Bland det godt sammen og la det putre på svak varme i 4-5 minutter. Skjær skinke i biter og bland den i pizzafyllet. Tilsett mais og smak til med salt og pepper.\r</li><li>Fordel pizzafyllet over pizzabunnen og dryss revet ost over. Del de små tomatene i to og fordel dem utover. Stek pizzaen midt i ovnen i 10-12 minutter, eller til den er gyllen. </li><li>\rSkjær pizzaen i biter og dryss ruccola over. <br><br>Klar til servering!<br></li></ol></div>\n",
            "ingredient_list_html": "<table class=\"ingredient-list\"> <caption>Til 4 porsjoner</caption> <tr><th colspan=\"2\"> Bunn</th> </tr><tr> <td class=\"quantity\"> 1 pk </td><td> <span class=\"title\">pizzabunn, miks</span> </td></tr> <tr><td class=\"quantity\"> 2,5 dl </td><td> <span class=\"title\">vann</span> </td></tr> <tr><th colspan=\"2\"> Fyll</th> </tr><tr> <td class=\"quantity\"> 1 stk </td><td> <span class=\"title\">gul løk</span> </td></tr> <tr><td class=\"quantity\"> 1 stk </td><td> <span class=\"title\">paprika, rød</span> </td></tr> <tr><td class=\"quantity\"> 1 pk </td><td> <span class=\"title\">pizzafyll</span> </td></tr> <tr><td class=\"quantity\"> 3 dl </td><td> <span class=\"title\">vann</span> </td></tr> <tr><td class=\"quantity\"> 1 stk </td><td> <span class=\"title\">bogskinke</span> </td></tr> <tr><td class=\"quantity\"> 1 stk </td><td> <span class=\"title\">maiskorn</span> </td></tr> <tr><td class=\"quantity\"> 1 håndfull </td><td> <span class=\"title\">cherrytomater, røde</span> </td></tr> <tr><td class=\"quantity\"> 200 g </td><td> <span class=\"title\">revet ost</span> </td></tr> <tr><th colspan=\"2\"> Topping</th> </tr><tr> <td class=\"quantity\"> 2 håndfull </td><td> <span class=\"title\">ruccola</span> </td></tr> </table>\n",
            "ingredients": [
                {
                    "id": 29315,
                    "product": {
                        "id": 10826,
                        "full_name": "Det Glutenfrie Verksted Pizzabunn-miks 350 g",
                        "brand": "Det Glutenfrie Verksted",
                        "brand_id": 896,
                        "name": "Pizzabunn-miks",
                        "name_extra": "350 g",
                        "front_url": "https://kolonial.no/produkter/10826-det-glutenfrie-verksted-pizzabunn-miks-350g/",
                        "images": [
                            {
                                "thumbnail": {
                                    "url": "https://kolonial.no/media/uploads/public/17/375/823975-d6a2a-product_detail.jpg"
                                },
                                "large": {
                                    "url": "https://kolonial.no/media/uploads/public/17/375/823975-d6a2a-product_large.jpg"
                                }
                            }
                        ],
                        "gross_price": "40.90",
                        "gross_unit_price": "116.86",
                        "unit_price_quantity_abbreviation": "kg",
                        "unit_price_quantity_name": "Kilogram",
                        "discount": null,
                        "promotion": null,
                        "availability": {
                            "is_available": true,
                            "code": "available",
                            "description": "",
                            "description_short": ""
                        },
                        "category_items": [
                            {
                                "id": 29385,
                                "product_category_id": 426,
                                "ordering": 120
                            },
                            {
                                "id": 10284,
                                "product_category_id": 19,
                                "ordering": 320
                            }
                        ],
                        "client_classifiers": [
                            {
                                "name": "Debio Økologisk",
                                "image_url": "https://kolonial.no/static/products/img/debio60x60.a5feca2df748.png",
                                "is_important": true
                            },
                            {
                                "name": "Økologisk",
                                "image_url": "https://kolonial.no/static/products/img/okologisk20x20@3x.ce61374c5376.png",
                                "is_important": false
                            },
                            {
                                "name": "EU-økologisk",
                                "image_url": "https://kolonial.no/static/products/img/euroleaf60x60.e0546fc9eb96.png",
                                "is_important": false
                            }
                        ]
                    },
                    "portion_quantity": "0.264",
                    "is_basic": false,
                    "has_alternative_products": true,
                    "already_in_cart": false
                },
                {
                    "id": 29317,
                    "product": {
                        "id": 9440,
                        "full_name": "Gul Løk Norge, 4 stk",
                        "brand": null,
                        "brand_id": null,
                        "name": "Gul Løk",
                        "name_extra": "Norge, 4 stk",
                        "front_url": "https://kolonial.no/produkter/9440-gul-lok-norge/",
                        "images": [
                            {
                                "thumbnail": {
                                    "url": "https://kolonial.no/media/uploads/public/349/25/642825-1ad38-product_detail.jpg"
                                },
                                "large": {
                                    "url": "https://kolonial.no/media/uploads/public/349/25/642825-1ad38-product_large.jpg"
                                }
                            }
                        ],
                        "gross_price": "17.40",
                        "gross_unit_price": "27.62",
                        "unit_price_quantity_abbreviation": "kg",
                        "unit_price_quantity_name": "Kilogram",
                        "discount": null,
                        "promotion": null,
                        "availability": {
                            "is_available": true,
                            "code": "available",
                            "description": "",
                            "description_short": ""
                        },
                        "category_items": [
                            {
                                "id": 9282,
                                "product_category_id": 22,
                                "ordering": 450
                            }
                        ],
                        "client_classifiers": []
                    },
                    "portion_quantity": "0.062",
                    "is_basic": false,
                    "has_alternative_products": true,
                    "already_in_cart": false
                },
                {
                    "id": 29318,
                    "product": {
                        "id": 27626,
                        "full_name": "Paprika Rød Holland, 2 stk",
                        "brand": null,
                        "brand_id": null,
                        "name": "Paprika Rød",
                        "name_extra": "Holland, 2 stk",
                        "front_url": "https://kolonial.no/produkter/27626-paprika-rod-holland/",
                        "images": [
                            {
                                "thumbnail": {
                                    "url": "https://kolonial.no/media/uploads/public/122/76/713676-c4c3f-product_detail.jpg"
                                },
                                "large": {
                                    "url": "https://kolonial.no/media/uploads/public/122/76/713676-c4c3f-product_large.jpg"
                                }
                            }
                        ],
                        "gross_price": "26.90",
                        "gross_unit_price": "53.80",
                        "unit_price_quantity_abbreviation": "kg",
                        "unit_price_quantity_name": "Kilogram",
                        "discount": null,
                        "promotion": null,
                        "availability": {
                            "is_available": true,
                            "code": "available",
                            "description": "",
                            "description_short": ""
                        },
                        "category_items": [
                            {
                                "id": 29196,
                                "product_category_id": 22,
                                "ordering": 590
                            }
                        ],
                        "client_classifiers": []
                    },
                    "portion_quantity": "0.125",
                    "is_basic": false,
                    "has_alternative_products": true,
                    "already_in_cart": false
                },
                {
                    "id": 29319,
                    "product": {
                        "id": 730,
                        "full_name": "Toro Pizzafyll med tomat og løk 52 g",
                        "brand": "Toro",
                        "brand_id": 23,
                        "name": "Pizzafyll med tomat og løk",
                        "name_extra": "52 g",
                        "front_url": "https://kolonial.no/produkter/730-toro-pizzafyll-med-tomat-og-lok/",
                        "images": [
                            {
                                "thumbnail": {
                                    "url": "https://kolonial.no/media/uploads/public/30/204/826204-ba157-product_detail.jpg"
                                },
                                "large": {
                                    "url": "https://kolonial.no/media/uploads/public/30/204/826204-ba157-product_large.jpg"
                                }
                            }
                        ],
                        "gross_price": "17.80",
                        "gross_unit_price": "342.31",
                        "unit_price_quantity_abbreviation": "kg",
                        "unit_price_quantity_name": "Kilogram",
                        "discount": null,
                        "promotion": null,
                        "availability": {
                            "is_available": true,
                            "code": "available",
                            "description": "",
                            "description_short": ""
                        },
                        "category_items": [
                            {
                                "id": 29390,
                                "product_category_id": 426,
                                "ordering": 480
                            }
                        ],
                        "client_classifiers": []
                    },
                    "portion_quantity": "0.250",
                    "is_basic": false,
                    "has_alternative_products": false,
                    "already_in_cart": false
                },
                {
                    "id": 29321,
                    "product": {
                        "id": 13726,
                        "full_name": "Bogskinke 325 g",
                        "brand": null,
                        "brand_id": null,
                        "name": "Bogskinke",
                        "name_extra": "325 g",
                        "front_url": "https://kolonial.no/produkter/13726-terina-bog-325g/",
                        "images": [
                            {
                                "thumbnail": {
                                    "url": "https://kolonial.no/media/uploads/public/197/184/819784-f2e22-product_detail.jpg"
                                },
                                "large": {
                                    "url": "https://kolonial.no/media/uploads/public/197/184/819784-f2e22-product_large.jpg"
                                }
                            }
                        ],
                        "gross_price": "28.90",
                        "gross_unit_price": "88.92",
                        "unit_price_quantity_abbreviation": "kg",
                        "unit_price_quantity_name": "Kilogram",
                        "discount": null,
                        "promotion": null,
                        "availability": {
                            "is_available": true,
                            "code": "available",
                            "description": "",
                            "description_short": ""
                        },
                        "category_items": [
                            {
                                "id": 13890,
                                "product_category_id": 204,
                                "ordering": 250
                            }
                        ],
                        "client_classifiers": [
                            {
                                "name": "Nøkkelhullsmerket",
                                "image_url": "https://kolonial.no/static/products/img/nokkelhullet60x60.7fc5e3450b59.png",
                                "is_important": false
                            }
                        ]
                    },
                    "portion_quantity": "0.250",
                    "is_basic": false,
                    "has_alternative_products": true,
                    "already_in_cart": false
                },
                {
                    "id": 29322,
                    "product": {
                        "id": 24359,
                        "full_name": "Maiskorn Supersweet 3 x 150g, 450 g",
                        "brand": null,
                        "brand_id": null,
                        "name": "Maiskorn Supersweet",
                        "name_extra": "3 x 150g, 450 g",
                        "front_url": "https://kolonial.no/produkter/24359-maiskorn-supersweet-3-x-150g/",
                        "images": [
                            {
                                "thumbnail": {
                                    "url": "https://kolonial.no/media/uploads/public/152/225/145025-428f8-product_detail.jpg"
                                },
                                "large": {
                                    "url": "https://kolonial.no/media/uploads/public/152/225/145025-428f8-product_large.jpg"
                                }
                            }
                        ],
                        "gross_price": "17.90",
                        "gross_unit_price": "39.78",
                        "unit_price_quantity_abbreviation": "kg",
                        "unit_price_quantity_name": "Kilogram",
                        "discount": null,
                        "promotion": null,
                        "availability": {
                            "is_available": true,
                            "code": "available",
                            "description": "",
                            "description_short": ""
                        },
                        "category_items": [
                            {
                                "id": 25406,
                                "product_category_id": 9,
                                "ordering": 220
                            }
                        ],
                        "client_classifiers": []
                    },
                    "portion_quantity": "0.156",
                    "is_basic": false,
                    "has_alternative_products": true,
                    "already_in_cart": false
                },
                {
                    "id": 29323,
                    "product": {
                        "id": 26694,
                        "full_name": "Miljøgartneriet Tomater, Piccolo Norge, 200 g",
                        "brand": "Miljøgartneriet",
                        "brand_id": 1354,
                        "name": "Tomater, Piccolo",
                        "name_extra": "Norge, 200 g",
                        "front_url": "https://kolonial.no/produkter/26694-tomater-ekstra-sote-sma-norge/",
                        "images": [
                            {
                                "thumbnail": {
                                    "url": "https://kolonial.no/media/uploads/public/366/51/621251-90912-product_detail.jpg"
                                },
                                "large": {
                                    "url": "https://kolonial.no/media/uploads/public/366/51/621251-90912-product_large.jpg"
                                }
                            }
                        ],
                        "gross_price": "40.90",
                        "gross_unit_price": "204.50",
                        "unit_price_quantity_abbreviation": "kg",
                        "unit_price_quantity_name": "Kilogram",
                        "discount": null,
                        "promotion": null,
                        "availability": {
                            "is_available": true,
                            "code": "available",
                            "description": "",
                            "description_short": ""
                        },
                        "category_items": [
                            {
                                "id": 29144,
                                "product_category_id": 418,
                                "ordering": 60
                            },
                            {
                                "id": 27748,
                                "product_category_id": 22,
                                "ordering": 140
                            }
                        ],
                        "client_classifiers": []
                    },
                    "portion_quantity": "0.019",
                    "is_basic": false,
                    "has_alternative_products": true,
                    "already_in_cart": false
                },
                {
                    "id": 29324,
                    "product": {
                        "id": 4867,
                        "full_name": "Synnøve Revet Økonomiblanding 450 g",
                        "brand": "Synnøve",
                        "brand_id": 105,
                        "name": "Revet Økonomiblanding",
                        "name_extra": "450 g",
                        "front_url": "https://kolonial.no/produkter/4867-synnove-revet-okonomiblanding-500g/",
                        "images": [
                            {
                                "thumbnail": {
                                    "url": "https://kolonial.no/media/uploads/public/378/314/821514-a31f5-product_detail.jpg"
                                },
                                "large": {
                                    "url": "https://kolonial.no/media/uploads/public/378/314/821514-a31f5-product_large.jpg"
                                }
                            }
                        ],
                        "gross_price": "46.30",
                        "gross_unit_price": "102.89",
                        "unit_price_quantity_abbreviation": "kg",
                        "unit_price_quantity_name": "Kilogram",
                        "discount": null,
                        "promotion": null,
                        "availability": {
                            "is_available": true,
                            "code": "available",
                            "description": "",
                            "description_short": ""
                        },
                        "category_items": [
                            {
                                "id": 29430,
                                "product_category_id": 426,
                                "ordering": 330
                            },
                            {
                                "id": 28958,
                                "product_category_id": 421,
                                "ordering": 10
                            }
                        ],
                        "client_classifiers": []
                    },
                    "portion_quantity": "0.111",
                    "is_basic": false,
                    "has_alternative_products": true,
                    "already_in_cart": false
                },
                {
                    "id": 29325,
                    "product": {
                        "id": 9425,
                        "full_name": "Ruccolasalat Norge, 75 g",
                        "brand": null,
                        "brand_id": null,
                        "name": "Ruccolasalat",
                        "name_extra": "Norge, 75 g",
                        "front_url": "https://kolonial.no/produkter/9425-ruccolasalat-italia/",
                        "images": [
                            {
                                "thumbnail": {
                                    "url": "https://kolonial.no/media/uploads/public/0/221/12221-b6947-product_detail.jpg"
                                },
                                "large": {
                                    "url": "https://kolonial.no/media/uploads/public/0/221/12221-b6947-product_large.jpg"
                                }
                            }
                        ],
                        "gross_price": "22.40",
                        "gross_unit_price": "298.67",
                        "unit_price_quantity_abbreviation": "kg",
                        "unit_price_quantity_name": "Kilogram",
                        "discount": null,
                        "promotion": null,
                        "availability": {
                            "is_available": true,
                            "code": "available",
                            "description": "",
                            "description_short": ""
                        },
                        "category_items": [
                            {
                                "id": 27299,
                                "product_category_id": 391,
                                "ordering": 130
                            }
                        ],
                        "client_classifiers": []
                    },
                    "portion_quantity": "0.100",
                    "is_basic": false,
                    "has_alternative_products": false,
                    "already_in_cart": false
                }
            ]
        }
    


    ]
}